@article{consciousness_and_anesthesia,
	title={Consciousness and anesthesia},
	author={Alkire, Michael T and Hudetz, Anthony G and Tononi, Giulio},
	journal={Science},
	volume={322},
	number={5903},
	pages={876--880},
	year={2008},
	publisher={American Association for the Advancement of Science},
	note={[Online] Available: \url{https://www.ncbi.nlm.nih.gov/pmc/articles/PMC2743249/pdf/nihms127862.pdf}. [Accessed: 18 Jun 2019]},
}

@book{consciousness_explained,
	title={Consciousness explained},
	author={Dennett, Daniel C},
	year={1993},
	publisher={Penguin uk},
	note={[Online] Available: \url{https://sites.google.com/site/nhojwww/library/Dennett%20-%20Consciousness%20Explained.pdf}. [Accessed: 18 Jun 2019]},
}

@article{facing_up_to_the_hard_problem,
	title={Facing up to the problem of consciousness},
	author={Chalmers, David J},
	journal={Journal of consciousness studies},
	volume={2},
	number={3},
	pages={200--219},
	year={1995},
	publisher={Imprint Academic},
	note={[Online] Available: \url{http://citeseerx.ist.psu.edu/viewdoc/download?doi=10.1.1.33.5738&rep=rep1&type=pdf}. [Accessed: 18 Jun 2019]},
}

@inproceedings{towards_a_neurobiological_theory_of_consciousness,
	title={Towards a neurobiological theory of consciousness},
	author={Crick, Francis and Koch, Christof},
	booktitle={Seminars in the Neurosciences},
	volume={2},
	pages={263--275},
	year={1990},
	organization={Saunders Scientific Publications},
	note={[Online] Available: \url{https://authors.library.caltech.edu/40352/1/148.pdf}. [Accessed: 18 Jun 2019]},
}

@article{consciousness_mapping_the_theoretical_landscape,
	title={Consciousness: mapping the theoretical landscape},
	author={Atkinson, Anthony P and Thomas, Michael SC and Cleeremans, Axel},
	journal={Trends in cognitive sciences},
	volume={4},
	number={10},
	pages={372--382},
	year={2000},
	publisher={Elsevier},
	note={[Online] Available: \url{http://srsc-mac1.ulb.ac.be/axcWWW/papers/pdf/00-TiCS.pdf}. [Accessed: 18 Jun 2019]},
}

@article{seth2018consciousness,
	title={Consciousness: The last 50 years (and the next)},
	author={Seth, Anil K},
	journal={Brain and neuroscience advances},
	volume={2},
	pages={2398212818816019},
	year={2018},
	publisher={SAGE Publications Sage UK: London, England},
	note={[Online] Available: \url{https://journals.sagepub.com/doi/pdf/10.1177/2398212818816019}. [Accessed: 18 Jun 2019]},
}

@article{toward_a_mature_science_of_consciousness,
	title={Toward a Mature Science of Consciousness},
	author={Wiese, Wanja},
	journal={Frontiers in psychology},
	volume={9},
	year={2018},
	publisher={Frontiers Media SA},
	note={[Online] Available: \url{https://www.ncbi.nlm.nih.gov/pmc/articles/PMC5986937/}. [Accessed: 18 Jun 2019]},
}

@article{free_energy_principle,
	title={The free-energy principle: a rough guide to the brain?},
	author={Friston, Karl},
	journal={Trends in cognitive sciences},
	volume={13},
	number={7},
	pages={293--301},
	year={2009},
	publisher={Elsevier},
	note={[Online] Available: \url{https://www.fil.ion.ucl.ac.uk/~karl/The%20free-energy%20principle%20-%20a%20rough%20guide%20to%20the%20brain.pdf}. [Accessed: 19 Jun 2019]},
}

@article{predictive_coding,
	title={Predictive coding},
	author={Huang, Yanping and Rao, Rajesh PN},
	journal={Wiley Interdisciplinary Reviews: Cognitive Science},
	volume={2},
	number={5},
	pages={580--593},
	year={2011},
	publisher={Wiley Online Library},
	note={[Online] Available: \url{https://homes.cs.washington.edu/~rao/predcoding2011.pdf}. [Accessed: 19 Jun 2019]},
}
